@article{adrian1979ConditionalEddiesIsotropic,
  title = {Conditional Eddies in Isotropic Turbulence},
  author = {Adrian, Ronald J.},
  year = {1979},
  month = nov,
  journal = {The Physics of Fluids},
  volume = {22},
  number = {11},
  pages = {2065--2070},
  issn = {0031-9171},
  doi = {10.1063/1.862515},
  urldate = {2024-11-14},
  keywords = {decomposition,fluids,method-maths},
  annotation = {id: 17}
}

@article{agostini2020ExplorationPredictionFluid,
  title = {Exploration and Prediction of Fluid Dynamical Systems Using Auto-Encoder Technology},
  author = {Agostini, Lionel},
  year = {2020},
  month = jun,
  journal = {Physics of Fluids},
  volume = {32},
  number = {6},
  doi = {10.1063/5.0012906},
  keywords = {app-predict,app-superresolution,type-review},
  annotation = {id: 52}
}
